@article{sarma2011electronic,
    title = {Electronic transport in two-dimensional graphene},
    author = {Sarma, S Das and Adam, Shaffique and Hwang, EH and Rossi, Enrico},
    journal = {Reviews of modern physics},
    volume = {83},
    number = {2},
    pages = {407},
    year = {2011},
    publisher = {APS},
}

@article{corkum1993plasma,
    title = {Plasma perspective on strong field multiphoton ionization},
    author = {Corkum, Paul B},
    journal = {Physical review letters},
    volume = {71},
    number = {13},
    pages = {1994},
    year = {1993},
    publisher = {APS},
}

@article{lewenstein1994theory,
    title = {Theory of high-harmonic generation by low-frequency laser fields},
    author = {Lewenstein, Maciej and Balcou, Ph and Ivanov, M Yu and L’huillier,
              Anne and Corkum, Paul B},
    journal = {Physical Review A},
    volume = {49},
    number = {3},
    pages = {2117},
    year = {1994},
    publisher = {APS},
}



@article{hofstadter1976energy,
    title = {Energy levels and wave functions of Bloch electrons in rational and
             irrational magnetic fields},
    author = {Hofstadter, Douglas R.},
    journal = {Phys. Rev. B},
    volume = {14},
    issue = {6},
    pages = {2239--2249},
    numpages = {0},
    year = {1976},
    month = {Sep},
    publisher = {American Physical Society},
    doi = {10.1103/PhysRevB.14.2239},
    url = {https://link.aps.org/doi/10.1103/PhysRevB.14.2239},
}


@article{PhysRevB.33.5494,
    title = {Time evolution of Bloch electrons in a homogeneous electric field},
    author = {Krieger, J. B. and Iafrate, G. J.},
    journal = {Phys. Rev. B},
    volume = {33},
    issue = {8},
    pages = {5494--5500},
    numpages = {0},
    year = {1986},
    month = {Apr},
    publisher = {American Physical Society},
    doi = {10.1103/PhysRevB.33.5494},
    url = {https://link.aps.org/doi/10.1103/PhysRevB.33.5494},
}



@article{PhysRevLett.68.3535,
    title = {High-order harmonic generation from atoms and ions in the high
             intensity regime},
    author = {Krause, Jeffrey L. and Schafer, Kenneth J. and Kulander, Kenneth
              C.},
    journal = {Phys. Rev. Lett.},
    volume = {68},
    issue = {24},
    pages = {3535--3538},
    numpages = {0},
    year = {1992},
    month = {Jun},
    publisher = {American Physical Society},
    doi = {10.1103/PhysRevLett.68.3535},
    url = {https://link.aps.org/doi/10.1103/PhysRevLett.68.3535},
}



@article{PhysRevLett.70.1599,
    title = {Above threshold ionization beyond the high harmonic cutoff},
    author = {Schafer, K. J. and Yang, Baorui and DiMauro, L. F. and Kulander,
              K. C.},
    journal = {Phys. Rev. Lett.},
    volume = {70},
    issue = {11},
    pages = {1599--1602},
    numpages = {0},
    year = {1993},
    month = {Mar},
    publisher = {American Physical Society},
    doi = {10.1103/PhysRevLett.70.1599},
    url = {https://link.aps.org/doi/10.1103/PhysRevLett.70.1599},
}



@article{meier1994coherent,
    title = {Coherent Electric-Field Effects in Semiconductors},
    author = {Meier, T. and von Plessen, G. and Thomas, P. and Koch, S. W.},
    journal = {Phys. Rev. Lett.},
    volume = {73},
    issue = {6},
    pages = {902--905},
    numpages = {0},
    year = {1994},
    month = {Aug},
    publisher = {American Physical Society},
    doi = {10.1103/PhysRevLett.73.902},
    url = {https://link.aps.org/doi/10.1103/PhysRevLett.73.902},
}



@article{moos2001anisotropy,
    title = {Anisotropy of Quasiparticle Lifetimes and the Role of Disorder in
             Graphite from Ultrafast Time-Resolved Photoemission Spectroscopy},
    author = {Moos, Gunnar and Gahl, Cornelius and Fasel, Roman and Wolf, Martin
              and Hertel, Tobias},
    journal = {Phys. Rev. Lett.},
    volume = {87},
    issue = {26},
    pages = {267402},
    numpages = {4},
    year = {2001},
    month = {Dec},
    publisher = {American Physical Society},
    doi = {10.1103/PhysRevLett.87.267402},
    url = {https://link.aps.org/doi/10.1103/PhysRevLett.87.267402},
}


@article{hwang2007inelastic,
    title = {Inelastic carrier lifetime in graphene},
    author = {Hwang, E. H. and Hu, Ben Yu-Kuang and Das Sarma, S.},
    journal = {Phys. Rev. B},
    volume = {76},
    issue = {11},
    pages = {115434},
    numpages = {6},
    year = {2007},
    month = {Sep},
    publisher = {American Physical Society},
    doi = {10.1103/PhysRevB.76.115434},
    url = {https://link.aps.org/doi/10.1103/PhysRevB.76.115434},
}



@article{mikhailov2007non,
    doi = {10.1209/0295-5075/79/27002},
    url = {https://doi.org/10.1209/0295-5075/79/27002},
    year = 2007,
    month = {jun},
    publisher = {{IOP} Publishing},
    volume = {79},
    number = {2},
    pages = {27002},
    author = {S. A Mikhailov},
    title = {Non-linear electromagnetic response of graphene},
    journal = {Europhysics Letters ({EPL})},
}


@article{tse2008ballistic,
    author = {Tse,Wang-Kong and Hwang,E. H. and Das Sarma,S. },
    title = {Ballistic hot electron transport in graphene},
    journal = {Applied Physics Letters},
    volume = {93},
    number = {2},
    pages = {023128},
    year = {2008},
    doi = {10.1063/1.2956669},
    URL = {https://doi.org/10.1063/1.2956669},
}



@article{RevModPhys.81.163,
    title = {Attosecond physics},
    author = {Krausz, Ferenc and Ivanov, Misha},
    journal = {Rev. Mod. Phys.},
    volume = {81},
    issue = {1},
    pages = {163--234},
    numpages = {0},
    year = {2009},
    month = {Feb},
    publisher = {American Physical Society},
    doi = {10.1103/RevModPhys.81.163},
    url = {https://link.aps.org/doi/10.1103/RevModPhys.81.163},
}


@article{neto2009electronic,
    title = {The electronic properties of graphene},
    author = {Castro Neto, A. H. and Guinea, F. and Peres, N. M. R. and
              Novoselov, K. S. and Geim, A. K.},
    journal = {Rev. Mod. Phys.},
    volume = {81},
    issue = {1},
    pages = {109--162},
    numpages = {0},
    year = {2009},
    month = {Jan},
    publisher = {American Physical Society},
    doi = {10.1103/RevModPhys.81.109},
    url = {https://link.aps.org/doi/10.1103/RevModPhys.81.109},
}



@article{bao2009nonlinear,
    doi = {10.1088/0953-8984/21/30/305302},
    url = {https://doi.org/10.1088/0953-8984/21/30/305302},
    year = 2009,
    month = {jul},
    publisher = {{IOP} Publishing},
    volume = {21},
    number = {30},
    pages = {305302},
    author = {W S Bao and S Y Liu and X L Lei and C M Wang},
    title = {Nonlinear dc transport in graphene},
    journal = {Journal of Physics: Condensed Matter},
}

@article{bao2010hot,
    title = {Hot-electron transport in graphene driven by intense terahertz
             fields},
    journal = {Physics Letters A},
    volume = {374},
    number = {10},
    pages = {1266-1269},
    year = {2010},
    issn = {0375-9601},
    doi = {https://doi.org/10.1016/j.physleta.2009.12.076},
    url = {https://www.sciencedirect.com/science/article/pii/S0375960110000101},
    author = {W.S. Bao and S.Y. Liu and X.L. Lei},
    keywords = {Graphene, Terahertz field, Nonlinear effect},
}



@article{dora2010nonlinear,
    title = {Nonlinear electric transport in graphene: Quantum quench dynamics
             and the Schwinger mechanism},
    author = {D\'ora, Bal\'azs and Moessner, Roderich},
    journal = {Phys. Rev. B},
    volume = {81},
    issue = {16},
    pages = {165431},
    numpages = {6},
    year = {2010},
    month = {Apr},
    publisher = {American Physical Society},
    doi = {10.1103/PhysRevB.81.165431},
    url = {https://link.aps.org/doi/10.1103/PhysRevB.81.165431},
}


@article{ishikawa2010nonlinear,
    title = {Nonlinear optical response of graphene in time domain},
    author = {Ishikawa, Kenichi L.},
    journal = {Phys. Rev. B},
    volume = {82},
    issue = {20},
    pages = {201402},
    numpages = {4},
    year = {2010},
    month = {Nov},
    publisher = {American Physical Society},
    doi = {10.1103/PhysRevB.82.201402},
    url = {https://link.aps.org/doi/10.1103/PhysRevB.82.201402},
}



@article{Ghimire2011,
    author = {Ghimire, Shambhu and DiChiara, Anthony D. and Sistrunk, Emily and
              Agostini, Pierre and DiMauro, Louis F. and Reis, David A.},
    title = {Observation of high-order harmonic generation in a bulk crystal},
    journal = {Nature Physics},
    year = {2011},
    month = {Feb},
    day = {01},
    volume = {7},
    number = {2},
    pages = {138-141},
    issn = {1745-2481},
    doi = {10.1038/nphys1847},
    url = {https://doi.org/10.1038/nphys1847},
}



@article{breusing2011ultrafast,
    title = {Ultrafast nonequilibrium carrier dynamics in a single graphene
             layer},
    author = {Breusing, M. and Kuehn, S. and Winzer, T. and Mali\ifmmode \acute{
              c}\else \'{c}\fi{}, E. and Milde, F. and Severin, N. and Rabe, J.
              P. and Ropers, C. and Knorr, A. and Elsaesser, T.},
    journal = {Phys. Rev. B},
    volume = {83},
    issue = {15},
    pages = {153410},
    numpages = {4},
    year = {2011},
    month = {Apr},
    publisher = {American Physical Society},
    doi = {10.1103/PhysRevB.83.153410},
    url = {https://link.aps.org/doi/10.1103/PhysRevB.83.153410},
}


@article{winnerl2011carrier,
    title = {Carrier Relaxation in Epitaxial Graphene Photoexcited Near the
             Dirac Point},
    author = {Winnerl, S. and Orlita, M. and Plochocka, P. and Kossacki, P. and
              Potemski, M. and Winzer, T. and Malic, E. and Knorr, A. and
              Sprinkle, M. and Berger, C. and de Heer, W. A. and Schneider, H.
              and Helm, M.},
    journal = {Phys. Rev. Lett.},
    volume = {107},
    issue = {23},
    pages = {237401},
    numpages = {5},
    year = {2011},
    month = {Nov},
    publisher = {American Physical Society},
    doi = {10.1103/PhysRevLett.107.237401},
    url = {https://link.aps.org/doi/10.1103/PhysRevLett.107.237401},
}


@article{mak2012optical,
    title = {Optical spectroscopy of graphene: From the far infrared to the
             ultraviolet},
    journal = {Solid State Communications},
    volume = {152},
    number = {15},
    pages = {1341-1349},
    year = {2012},
    note = {Exploring Graphene, Recent Research Advances},
    issn = {0038-1098},
    doi = {https://doi.org/10.1016/j.ssc.2012.04.064},
    url = {https://www.sciencedirect.com/science/article/pii/S0038109812002700},
    author = {Kin Fai Mak and Long Ju and Feng Wang and Tony F. Heinz},
    keywords = {A. Graphene, C. Optical properties},
}

@article{Hwang2013,
    author = {Hwang, Harold Y. and Brandt, Nathaniel C. and Farhat, Hootan and
              Hsu, Allen L. and Kong, Jing and Nelson, Keith A.},
    title = {Nonlinear THz Conductivity Dynamics in P-Type CVD-Grown Graphene},
    journal = {The Journal of Physical Chemistry B},
    year = {2013},
    month = {Dec},
    day = {12},
    publisher = {American Chemical Society},
    volume = {117},
    number = {49},
    pages = {15819-15824},
    issn = {1520-6106},
    doi = {10.1021/jp407548a},
    url = {https://doi.org/10.1021/jp407548a},
}


@article{Paul_2013,
    doi = {10.1088/1367-2630/15/8/085019},
    url = {https://doi.org/10.1088/1367-2630/15/8/085019},
    year = 2013,
    month = {aug},
    publisher = {{IOP} Publishing},
    volume = {15},
    number = {8},
    pages = {085019},
    author = {M J Paul and Y C Chang and Z J Thompson and A Stickel and J
              Wardini and H Choi and E D Minot and B Hou and J A Nees and T B
              Norris and Yun-Shik Lee},
    title = {High-field terahertz response of graphene},
    journal = {New Journal of Physics},
}

@article{gierz2013snapshots,
    author = {Gierz, Isabella and Petersen, Jesse C. and Mitrano, Matteo and
              Cacho, Cephise and Turcu, I. C. Edmond and Springate, Emma and St{
              \"o}hr, Alexander and K{\"o}hler, Axel and Starke, Ulrich and
              Cavalleri, Andrea},
    title = {Snapshots of non-equilibrium Dirac carrier distributions in
             graphene},
    journal = {Nature Materials},
    year = {2013},
    month = {Dec},
    day = {01},
    volume = {12},
    number = {12},
    pages = {1119-1124},
    issn = {1476-4660},
    doi = {10.1038/nmat3757},
    url = {https://doi.org/10.1038/nmat3757},
}



@article{sorngaard2013high,
    title = {High-order harmonic generation from graphene: Strong attosecond
             pulses with arbitrary polarization},
    author = {S\o{}rng\aa{}rd, Stian Astad and Simonsen, Sigrid Ina and Hansen,
              Jan Petter},
    journal = {Phys. Rev. A},
    volume = {87},
    issue = {5},
    pages = {053803},
    numpages = {5},
    year = {2013},
    month = {May},
    publisher = {American Physical Society},
    doi = {10.1103/PhysRevA.87.053803},
    url = {https://link.aps.org/doi/10.1103/PhysRevA.87.053803},
}


@article{hafez2014nonlinear,
    author = {Hafez,H. A. and Al-Naib,I. and Oguri,K. and Sekine,Y. and Dignam,
              M. M. and Ibrahim,A. and Cooke,D. G. and Tanaka,S. and Komori,F.
              and Hibino,H. and Ozaki,T. },
    title = {Nonlinear transmission of an intense terahertz field through
             monolayer graphene},
    journal = {AIP Advances},
    volume = {4},
    number = {11},
    pages = {117118},
    year = {2014},
    doi = {10.1063/1.4902096},
    URL = {https://doi.org/10.1063/1.4902096},
}



@article{jensen2014competing,
    author = {Jensen, S. A. and Mics, Z. and Ivanov, I. and Varol, H. S. and
              Turchinovich, D. and Koppens, F. H. L. and Bonn, M. and Tielrooij,
              K. J.},
    title = {Competing Ultrafast Energy Relaxation Pathways in Photoexcited
             Graphene},
    journal = {Nano Letters},
    year = {2014},
    month = {Oct},
    day = {08},
    publisher = {American Chemical Society},
    volume = {14},
    number = {10},
    pages = {5839-5845},
    issn = {1530-6984},
    doi = {10.1021/nl502740g},
    url = {https://doi.org/10.1021/nl502740g},
}



@article{shi2014controlling,
    author = {Shi, S.-F. and Tang, T.-T. and Zeng, B. and Ju, L. and Zhou, Q.
              and Zettl, A. and Wang, F.},
    title = {Controlling Graphene Ultrafast Hot Carrier Response from Metal-like
             to Semiconductor-like by Electrostatic Gating},
    journal = {Nano Letters},
    year = {2014},
    month = {Mar},
    day = {12},
    publisher = {American Chemical Society},
    volume = {14},
    number = {3},
    pages = {1578-1582},
    issn = {1530-6984},
    doi = {10.1021/nl404826r},
    url = {https://doi.org/10.1021/nl404826r},
}


@article{al2014high,
    title = {High harmonic generation in undoped graphene: Interplay of inter-
             and intraband dynamics},
    author = {Al-Naib, Ibraheem and Sipe, J. E. and Dignam, Marc M.},
    journal = {Phys. Rev. B},
    volume = {90},
    issue = {24},
    pages = {245423},
    numpages = {7},
    year = {2014},
    month = {Dec},
    publisher = {American Physical Society},
    doi = {10.1103/PhysRevB.90.245423},
    url = {https://link.aps.org/doi/10.1103/PhysRevB.90.245423},
}


@article{doi:10.1063/1.4902999,
    author = {Paul,Michael J. and Lee,Byounghwak and Wardini,Jenna L. and
              Thompson,Zachary J. and Stickel,Andrew D. and Mousavian,Ali and
              Choi,Hyunyong and Minot,Ethan D. and Lee,Yun-Shik },
    title = {Terahertz induced transparency in single-layer graphene},
    journal = {Applied Physics Letters},
    volume = {105},
    number = {22},
    pages = {221107},
    year = {2014},
    doi = {10.1063/1.4902999},
    URL = {https://doi.org/10.1063/1.4902999},
}




@article{mics2017thermodynamic,
    author = {Mics, Zolt{\'a}n and Tielrooij, Klaas-Jan and Parvez, Khaled and
              Jensen, S{\o}ren A. and Ivanov, Ivan and Feng, Xinliang and M{\"u}
              llen, Klaus and Bonn, Mischa and Turchinovich, Dmitry},
    title = {Thermodynamic picture of ultrafast charge transport in graphene},
    journal = {Nature Communications},
    year = {2015},
    month = {Jul},
    day = {16},
    volume = {6},
    number = {1},
    pages = {7655},
    issn = {2041-1723},
    doi = {10.1038/ncomms8655},
    url = {https://doi.org/10.1038/ncomms8655},
}



@article{ivanov2015perspective,
    doi = {10.1209/0295-5075/111/67001},
    url = {https://doi.org/10.1209/0295-5075/111/67001},
    year = 2015,
    month = {sep},
    publisher = {{IOP} Publishing},
    volume = {111},
    number = {6},
    pages = {67001},
    author = {Ivan Ivanov and Mischa Bonn and Zolt{\'{a}}n Mics and Dmitry
              Turchinovich},
    title = {Perspective on terahertz spectroscopy of graphene},
    journal = {{EPL} (Europhysics Letters)},
}

@article{al2015optimizing,
    title = {Optimizing third-harmonic generation at terahertz frequencies in
             graphene},
    author = {Al-Naib, Ibraheem and Poschmann, Max and Dignam, Marc M.},
    journal = {Phys. Rev. B},
    volume = {91},
    issue = {20},
    pages = {205407},
    numpages = {9},
    year = {2015},
    month = {May},
    publisher = {American Physical Society},
    doi = {10.1103/PhysRevB.91.205407},
    url = {https://link.aps.org/doi/10.1103/PhysRevB.91.205407},
}


@article{doi:10.1126/science.aag1268,
    author = {M. Lucchini and S. A. Sato and A. Ludwig and J. Herrmann and M.
              Volkov and L. Kasmi and Y. Shinohara and K. Yabana and L. Gallmann
              and U. Keller },
    title = {Attosecond dynamical Franz-Keldysh effect in polycrystalline
             diamond},
    journal = {Science},
    volume = {353},
    number = {6302},
    pages = {916-919},
    year = {2016},
    doi = {10.1126/science.aag1268},
    URL = {https://www.science.org/doi/abs/10.1126/science.aag1268},
}



@article{chizhova2017high,
    title = {High-harmonic generation in graphene: Interband response and the
             harmonic cutoff},
    author = {Chizhova, Larisa A. and Libisch, Florian and Burgd\"orfer, Joachim
              },
    journal = {Phys. Rev. B},
    volume = {95},
    issue = {8},
    pages = {085436},
    numpages = {9},
    year = {2017},
    month = {Feb},
    publisher = {American Physical Society},
    doi = {10.1103/PhysRevB.95.085436},
    url = {https://link.aps.org/doi/10.1103/PhysRevB.95.085436},
}


@article{yoshikawa2017high,
    author = {Naotaka Yoshikawa and Tomohiro Tamaya and Koichiro Tanaka },
    title = {High-harmonic generation in graphene enhanced by elliptically
             polarized light excitation},
    journal = {Science},
    volume = {356},
    number = {6339},
    pages = {736-738},
    year = {2017},
    doi = {10.1126/science.aam8861},
    URL = {https://www.science.org/doi/abs/10.1126/science.aam8861},
}



@article{cox2017plasmon,
    author = {Cox, Joel D. and Marini, Andrea and de Abajo, F. Javier Garc{\'i}a
              },
    title = {Plasmon-assisted high-harmonic generation in graphene},
    journal = {Nature Communications},
    year = {2017},
    month = {Feb},
    day = {22},
    volume = {8},
    number = {1},
    pages = {14380},
    issn = {2041-1723},
    doi = {10.1038/ncomms14380},
    url = {https://doi.org/10.1038/ncomms14380},
}



@article{wang2017reversible,
    author = {Wang, Hai I. and Braatz, Marie-Luise and Richter, Nils and
              Tielrooij, Klaas-Jan and Mics, Zoltan and Lu, Hao and Weber,
              Nils-Eike and M{\"u}llen, Klaus and Turchinovich, Dmitry and Kl{\"a
              }ui, Mathias and Bonn, Mischa},
    title = {Reversible Photochemical Control of Doping Levels in Supported
             Graphene},
    journal = {The Journal of Physical Chemistry C},
    year = {2017},
    month = {Feb},
    day = {23},
    publisher = {American Chemical Society},
    volume = {121},
    number = {7},
    pages = {4083-4091},
    issn = {1932-7447},
    doi = {10.1021/acs.jpcc.7b00347},
    url = {https://doi.org/10.1021/acs.jpcc.7b00347},
}




@article{zurron2018theory,
    doi = {10.1088/1367-2630/aabec7},
    url = {https://doi.org/10.1088/1367-2630/aabec7},
    year = 2018,
    month = {may},
    publisher = {{IOP} Publishing},
    volume = {20},
    number = {5},
    pages = {053033},
    author = {{\'{O}}scar Zurr{\'{o}}n and Antonio Pic{\'{o}}n and Luis Plaja},
    title = {Theory of high-order harmonic generation for gapless graphene},
    journal = {New Journal of Physics},
}


@article{hafez2018extremely,
    author = {Hafez, Hassan A. and Kovalev, Sergey and Deinert, Jan-Christoph
              and Mics, Zolt{\'a}n and Green, Bertram and Awari, Nilesh and Chen,
              Min and Germanskiy, Semyon and Lehnert, Ulf and Teichert, Jochen
              and Wang, Zhe and Tielrooij, Klaas-Jan and Liu, Zhaoyang and Chen,
              Zongping and Narita, Akimitsu and M{\"u}llen, Klaus and Bonn,
              Mischa and Gensch, Michael and Turchinovich, Dmitry},
    title = {Extremely efficient terahertz high-harmonic generation in graphene
             by hot Dirac fermions},
    journal = {Nature},
    year = {2018},
    month = {Sep},
    day = {01},
    volume = {561},
    number = {7724},
    pages = {507-511},
    issn = {1476-4687},
    doi = {10.1038/s41586-018-0508-1},
    url = {https://doi.org/10.1038/s41586-018-0508-1},
}




@article{sato2019microscopic,
    title = {Microscopic theory for the light-induced anomalous Hall effect in
             graphene},
    author = {Sato, S. A. and McIver, J. W. and Nuske, M. and Tang, P. and Jotzu
              , G. and Schulte, B. and H\"ubener, H. and De Giovannini, U. and
              Mathey, L. and Sentef, M. A. and Cavalleri, A. and Rubio, A.},
    journal = {Phys. Rev. B},
    volume = {99},
    issue = {21},
    pages = {214302},
    numpages = {11},
    year = {2019},
    month = {Jun},
    publisher = {American Physical Society},
    doi = {10.1103/PhysRevB.99.214302},
    url = {https://link.aps.org/doi/10.1103/PhysRevB.99.214302},
}



@article{sato2019light,
    doi = {10.1088/1367-2630/ab3acf},
    url = {https://doi.org/10.1088/1367-2630/ab3acf},
    year = 2019,
    month = {sep},
    publisher = {{IOP} Publishing},
    volume = {21},
    number = {9},
    pages = {093005},
    author = {S A Sato and P Tang and M A Sentef and U De Giovannini and H
              Hübener and A Rubio},
    title = {Light-induced anomalous Hall effect in massless Dirac fermion
             systems and topological insulators with dissipation},
    journal = {New Journal of Physics},
}

@article{sato2021high,
    title = {High-order harmonic generation in graphene: Nonlinear coupling of
             intraband and interband transitions},
    author = {Sato, Shunsuke A. and Hirori, Hideki and Sanari, Yasuyuki and
              Kanemitsu, Yoshihiko and Rubio, Angel},
    journal = {Phys. Rev. B},
    volume = {103},
    issue = {4},
    pages = {L041408},
    numpages = {6},
    year = {2021},
    month = {Jan},
    publisher = {American Physical Society},
    doi = {10.1103/PhysRevB.103.L041408},
    url = {https://link.aps.org/doi/10.1103/PhysRevB.103.L041408},
}


@article{kovalev2021electrical,
    author = {Sergey Kovalev and Hassan A. Hafez and Klaas-Jan Tielrooij and
              Jan-Christoph Deinert and Igor Ilyakov and Nilesh Awari and David
              Alcaraz and Karuppasamy Soundarapandian and David Saleta and Semyon
              Germanskiy and Min Chen and Mohammed Bawatna and Bertram Green and
              Frank H. L. Koppens and Martin Mittendorff and Mischa Bonn and
              Michael Gensch and Dmitry Turchinovich },
    title = {Electrical tunability of terahertz nonlinearity in graphene},
    journal = {Science Advances},
    volume = {7},
    number = {15},
    pages = {eabf9809},
    year = {2021},
    doi = {10.1126/sciadv.abf9809},
    URL = {https://www.science.org/doi/abs/10.1126/sciadv.abf9809},
}

@article{PhysRev.57.184,
    title = {Acceleration of Electrons in a Crystal Lattice},
    author = {Houston, W. V.},
    journal = {Phys. Rev.},
    volume = {57},
    issue = {3},
    pages = {184--186},
    numpages = {0},
    year = {1940},
    month = {Feb},
    publisher = {American Physical Society},
    doi = {10.1103/PhysRev.57.184},
    url = {https://link.aps.org/doi/10.1103/PhysRev.57.184},
}

@article{PhysRevLett.8.404,
    title = {Optical Harmonic Generation in Calcite},
    author = {Terhune, R. W. and Maker, P. D. and Savage, C. M.},
    journal = {Phys. Rev. Lett.},
    volume = {8},
    issue = {10},
    pages = {404--406},
    numpages = {0},
    year = {1962},
    month = {May},
    publisher = {American Physical Society},
    doi = {10.1103/PhysRevLett.8.404},
    url = {https://link.aps.org/doi/10.1103/PhysRevLett.8.404},
}

@article{PhysRev.137.A801,
    title = {Study of Optical Effects Due to an Induced Polarization Third Order
             in the Electric Field Strength},
    author = {Maker, P. D. and Terhune, R. W.},
    journal = {Phys. Rev.},
    volume = {137},
    issue = {3A},
    pages = {A801--A818},
    numpages = {0},
    year = {1965},
    month = {Feb},
    publisher = {American Physical Society},
    doi = {10.1103/PhysRev.137.A801},
    url = {https://link.aps.org/doi/10.1103/PhysRev.137.A801},
}


@article{McPherson:87,
    author = {A. McPherson and G. Gibson and H. Jara and U. Johann and T. S. Luk
              and I. A. McIntyre and K. Boyer and C. K. Rhodes},
    journal = {J. Opt. Soc. Am. B},
    keywords = {Electrons; Energy transfer; Fluorescence; Ions; Photons;
                Ultraviolet radiation},
    number = {4},
    pages = {595--601},
    publisher = {Optica Publishing Group},
    title = {Studies of multiphoton production of vacuum-ultraviolet radiation
             in the rare gases},
    volume = {4},
    month = {Apr},
    year = {1987},
    url = {https://opg.optica.org/josab/abstract.cfm?URI=josab-4-4-595},
    doi = {10.1364/JOSAB.4.000595},
}

@article{Ferray_1988,
    doi = {10.1088/0953-4075/21/3/001},
    url = {https://dx.doi.org/10.1088/0953-4075/21/3/001},
    year = {1988},
    month = {feb},
    publisher = {},
    volume = {21},
    number = {3},
    pages = {L31},
    author = {M Ferray and A L'Huillier and X F Li and L A Lompre and G Mainfray
              and C Manus},
    title = {Multiple-harmonic conversion of 1064 nm radiation in rare gases},
    journal = {Journal of Physics B: Atomic, Molecular and Optical Physics},
}

@article{PhysRevLett.71.1994,
    title = {Plasma perspective on strong field multiphoton ionization},
    author = {Corkum, P. B.},
    journal = {Phys. Rev. Lett.},
    volume = {71},
    issue = {13},
    pages = {1994--1997},
    numpages = {0},
    year = {1993},
    month = {Sep},
    publisher = {American Physical Society},
    doi = {10.1103/PhysRevLett.71.1994},
    url = {https://link.aps.org/doi/10.1103/PhysRevLett.71.1994},
}


@article{PhysRevA.49.2117,
    title = {Theory of high-harmonic generation by low-frequency laser fields},
    author = {Lewenstein, M. and Balcou, Ph. and Ivanov, M. Yu. and L'Huillier,
              Anne and Corkum, P. B.},
    journal = {Phys. Rev. A},
    volume = {49},
    issue = {3},
    pages = {2117--2132},
    numpages = {0},
    year = {1994},
    month = {Mar},
    publisher = {American Physical Society},
    doi = {10.1103/PhysRevA.49.2117},
    url = {https://link.aps.org/doi/10.1103/PhysRevA.49.2117},
}


@article{watanabe1994two,
    title = {Two-color phase control in tunneling ionization and harmonic
             generation by a strong laser field and its third harmonic},
    author = {Watanabe, S and Kondo, K and Nabekawa, Y and Sagisaka, A and
              Kobayashi, Y},
    journal = {Physical review letters},
    volume = {73},
    number = {20},
    pages = {2692},
    year = {1994},
    publisher = {APS},
}

@article{PhysRevLett.73.902,
    title = {Coherent Electric-Field Effects in Semiconductors},
    author = {Meier, T. and von Plessen, G. and Thomas, P. and Koch, S. W.},
    journal = {Phys. Rev. Lett.},
    volume = {73},
    issue = {6},
    pages = {902--905},
    numpages = {0},
    year = {1994},
    month = {Aug},
    publisher = {American Physical Society},
    doi = {10.1103/PhysRevLett.73.902},
    url = {https://link.aps.org/doi/10.1103/PhysRevLett.73.902},
}


@article{eichmann1995polarization,
    title = {Polarization-dependent high-order two-color mixing},
    author = {Eichmann, H and Egbert, A and Nolte, S and Momma, C and
              Wellegehausen, B and Becker, W and Long, S and McIver, JK},
    journal = {Physical Review A},
    volume = {51},
    number = {5},
    pages = {R3414},
    year = {1995},
    publisher = {APS},
}




@article{khurgin1995current,
    title = {Current induced second harmonic generation in semiconductors},
    author = {Khurgin, Jacob B},
    journal = {Applied physics letters},
    volume = {67},
    number = {8},
    pages = {1113--1115},
    year = {1995},
    publisher = {American Institute of Physics},
}


@article{Nahata:98,
    author = {Ajay Nahata and Tony F. Heinz},
    journal = {Opt. Lett.},
    keywords = {Harmonic generation and mixing ; Nonlinear optics at surfaces;
                Ultrafast nonlinear optics; Radiation; Absorption coefficient;
                Electric fields; Femtosecond pulses; Laser sources; Phase
                matching; Ultrafast lasers},
    number = {1},
    pages = {67--69},
    publisher = {Optica Publishing Group},
    title = {Detection of freely propagating terahertz radiation by use of
             optical second-harmonic generation},
    volume = {23},
    month = {Jan},
    year = {1998},
    url = {https://opg.optica.org/ol/abstract.cfm?URI=ol-23-1-67},
    doi = {10.1364/OL.23.000067},
}

@article{COOK1999221,
    title = {Terahertz-field-induced second-harmonic generation measurements of
             liquid dynamics},
    journal = {Chemical Physics Letters},
    volume = {309},
    number = {3},
    pages = {221-228},
    year = {1999},
    issn = {0009-2614},
    doi = {https://doi.org/10.1016/S0009-2614(99)00668-5},
    url = {https://www.sciencedirect.com/science/article/pii/S0009261499006685},
    author = {D.J. Cook and J.X. Chen and E.A. Morlino and R.M. Hochstrasser},
}

@article{RevModPhys.72.545,
    title = {Intense few-cycle laser fields: Frontiers of nonlinear optics},
    author = {Brabec, Thomas and Krausz, Ferenc},
    journal = {Rev. Mod. Phys.},
    volume = {72},
    issue = {2},
    pages = {545--591},
    numpages = {0},
    year = {2000},
    month = {Apr},
    publisher = {American Physical Society},
    doi = {10.1103/RevModPhys.72.545},
    url = {https://link.aps.org/doi/10.1103/RevModPhys.72.545},
}



@article{banks2002high,
    title = {High-intensity third-harmonic generation},
    author = {Banks, Paul S and Feit, Michael D and Perry, Michael D},
    journal = {JOSA B},
    volume = {19},
    number = {1},
    pages = {102--118},
    year = {2002},
    publisher = {Optica Publishing Group},
}


@article{oishi2006generation,
    title = {Generation of extreme ultraviolet continuum radiation driven by a
             sub-10-fs two-color field},
    author = {Oishi, Yu and Kaku, Masanori and Suda, Akira and Kannari, Fumihiko
              and Midorikawa, Katsumi},
    journal = {Optics express},
    volume = {14},
    number = {16},
    pages = {7230--7237},
    year = {2006},
    publisher = {Optical Society of America},
}

@article{Mikhailov_2007,
    doi = {10.1209/0295-5075/79/27002},
    url = {https://dx.doi.org/10.1209/0295-5075/79/27002},
    year = {2007},
    month = {jun},
    publisher = {},
    volume = {79},
    number = {2},
    pages = {27002},
    author = {S. A. Mikhailov},
    title = {Non-linear electromagnetic response of graphene},
    journal = {Europhysics Letters},
}



@article{RevModPhys.81.109,
    title = {The electronic properties of graphene},
    author = {Castro Neto, A. H. and Guinea, F. and Peres, N. M. R. and
              Novoselov, K. S. and Geim, A. K.},
    journal = {Rev. Mod. Phys.},
    volume = {81},
    issue = {1},
    pages = {109--162},
    numpages = {0},
    year = {2009},
    month = {Jan},
    publisher = {American Physical Society},
    doi = {10.1103/RevModPhys.81.109},
    url = {https://link.aps.org/doi/10.1103/RevModPhys.81.109},
}



@article{wright2009strong,
    title = {Strong nonlinear optical response of graphene in the terahertz
             regime},
    author = {Wright, AR and Xu, XG and Cao, JC and Zhang, Chao},
    journal = {Applied Physics Letters},
    volume = {95},
    number = {7},
    pages = {072101},
    year = {2009},
    publisher = {American Institute of Physics},
}

@article{Goulielmakis2010,
    author = {Goulielmakis, Eleftherios and Loh, Zhi-Heng and Wirth, Adrian and
              Santra, Robin and Rohringer, Nina and Yakovlev, Vladislav S. and
              Zherebtsov, Sergey and Pfeifer, Thomas and Azzeer, Abdallah M. and
              Kling, Matthias F. and Leone, Stephen R. and Krausz, Ferenc},
    title = {Real-time observation of valence electron motion},
    journal = {Nature},
    year = {2010},
    month = {Aug},
    day = {01},
    volume = {466},
    number = {7307},
    pages = {739-743},
    issn = {1476-4687},
    doi = {10.1038/nature09212},
    url = {https://doi.org/10.1038/nature09212},
}

@article{PhysRevB.82.201402,
    title = {Nonlinear optical response of graphene in time domain},
    author = {Ishikawa, Kenichi L.},
    journal = {Phys. Rev. B},
    volume = {82},
    issue = {20},
    pages = {201402},
    numpages = {4},
    year = {2010},
    month = {Nov},
    publisher = {American Physical Society},
    doi = {10.1103/PhysRevB.82.201402},
    url = {https://link.aps.org/doi/10.1103/PhysRevB.82.201402},
}


@article{PhysRevLett.105.143002,
    title = {Attosecond Time-Resolved Autoionization of Argon},
    author = {Wang, He and Chini, Michael and Chen, Shouyuan and Zhang,
              Chang-Hua and He, Feng and Cheng, Yan and Wu, Yi and Thumm, Uwe and
              Chang, Zenghu},
    journal = {Phys. Rev. Lett.},
    volume = {105},
    issue = {14},
    pages = {143002},
    numpages = {4},
    year = {2010},
    month = {Oct},
    publisher = {American Physical Society},
    doi = {10.1103/PhysRevLett.105.143002},
    url = {https://link.aps.org/doi/10.1103/PhysRevLett.105.143002},
}

@article{PhysRevLett.106.123601,
    title = {Attosecond Electron Wave-Packet Interference Observed by Transient
             Absorption},
    author = {Holler, M. and Schapper, F. and Gallmann, L. and Keller, U.},
    journal = {Phys. Rev. Lett.},
    volume = {106},
    issue = {12},
    pages = {123601},
    numpages = {4},
    year = {2011},
    month = {Mar},
    publisher = {American Physical Society},
    doi = {10.1103/PhysRevLett.106.123601},
    url = {https://link.aps.org/doi/10.1103/PhysRevLett.106.123601},
}

@article{10.1063/1.3560062,
    author = {Hirori, H. and Doi, A. and Blanchard, F. and Tanaka, K.},
    title = "{Single-cycle terahertz pulses with amplitudes exceeding 1 MV/cm
             generated by optical rectification in LiNbO3}",
    journal = {Applied Physics Letters},
    volume = {98},
    number = {9},
    pages = {091106},
    year = {2011},
    month = {03},
    issn = {0003-6951},
    doi = {10.1063/1.3560062},
    url = {https://doi.org/10.1063/1.3560062},
}


@article{wu2012quantum,
    title = {Quantum-enhanced tunable second-order optical nonlinearity in
             bilayer graphene},
    author = {Wu, Sanfeng and Mao, Li and Jones, Aaron M and Yao, Wang and Zhang
              , Chuanwei and Xu, Xiaodong},
    journal = {Nano letters},
    volume = {12},
    number = {4},
    pages = {2032--2036},
    year = {2012},
    publisher = {ACS Publications},
}


@article{bykov2012second,
    title = {Second harmonic generation in multilayer graphene induced by direct
             electric current},
    author = {Bykov, Anton Y and Murzina, Tatiana V and Rybin, Maxim G and
              Obraztsova, Elena D},
    journal = {Physical Review B},
    volume = {85},
    number = {12},
    pages = {121413},
    year = {2012},
    publisher = {APS},
}

@article{MOUROU2012720,
    title = {Exawatt-Zettawatt pulse generation and applications},
    journal = {Optics Communications},
    volume = {285},
    number = {5},
    pages = {720-724},
    year = {2012},
    issn = {0030-4018},
    doi = {https://doi.org/10.1016/j.optcom.2011.10.089},
    url = {https://www.sciencedirect.com/science/article/pii/S0030401811012338},
    author = {G.A. Mourou and N.J. Fisch and V.M. Malkin and Z. Toroker and E.A.
              Khazanov and A.M. Sergeev and T. Tajima and B. {Le Garrec}},
    keywords = {Ultrafast lasers, High energy laser pulses, Relativistic optics,
                Plasma optics},
}

@article{an2013enhanced,
    title = {Enhanced optical second-harmonic generation from the current-biased
             graphene/SiO2/Si (001) structure},
    author = {An, Yong Q and Nelson, Florence and Lee, Ji Ung and Diebold, Alain
              C},
    journal = {Nano letters},
    volume = {13},
    number = {5},
    pages = {2104--2109},
    year = {2013},
    publisher = {ACS Publications},
}

@article{lin2014observation,
    title = {Observation of optical second harmonic generation from suspended
             single-layer and bi-layer graphene},
    author = {Lin, Kung-Hsuan and Weng, Shao-Wei and Lyu, Po-Wei and Tsai,
              Tsong-Ru and Su, Wei-Bin},
    journal = {Applied Physics Letters},
    volume = {105},
    number = {15},
    pages = {151605},
    year = {2014},
    publisher = {AIP Publishing LLC},
}

@article{PhysRevB.90.245423,
    title = {High harmonic generation in undoped graphene: Interplay of inter-
             and intraband dynamics},
    author = {Al-Naib, Ibraheem and Sipe, J. E. and Dignam, Marc M.},
    journal = {Phys. Rev. B},
    volume = {90},
    issue = {24},
    pages = {245423},
    numpages = {7},
    year = {2014},
    month = {Dec},
    publisher = {American Physical Society},
    doi = {10.1103/PhysRevB.90.245423},
    url = {https://link.aps.org/doi/10.1103/PhysRevB.90.245423},
}

@article{PhysRevB.89.041408,
    title = {Ultrafast terahertz response of multilayer graphene in the
             nonperturbative regime},
    author = {Bowlan, P. and Martinez-Moreno, E. and Reimann, K. and Elsaesser,
              T. and Woerner, M.},
    journal = {Phys. Rev. B},
    volume = {89},
    issue = {4},
    pages = {041408},
    numpages = {5},
    year = {2014},
    month = {Jan},
    publisher = {American Physical Society},
    doi = {10.1103/PhysRevB.89.041408},
    url = {https://link.aps.org/doi/10.1103/PhysRevB.89.041408},
}



@article{cheng2014dc,
    title = {DC current induced second order optical nonlinearity in graphene},
    author = {Cheng, JL and Vermeulen, Nathalie and Sipe, JE},
    journal = {Optics Express},
    volume = {22},
    number = {13},
    pages = {15868--15876},
    year = {2014},
    publisher = {Optica Publishing Group},
}

@article{an2014optical,
    title = {Optical second-harmonic generation induced by electric current in
             graphene on Si and SiC substrates},
    author = {An, Yong Q and Rowe, JE and Dougherty, Daniel B and Lee, Ji Ung
              and Diebold, Alain C},
    journal = {Physical Review B},
    volume = {89},
    number = {11},
    pages = {115310},
    year = {2014},
    publisher = {APS},
}



@article{mics2015thermodynamic,
    author = {Mics, Zolt{\'a}n and Tielrooij, Klaas-Jan and Parvez, Khaled and
              Jensen, S{\o}ren A. and Ivanov, Ivan and Feng, Xinliang and M{\"u}
              llen, Klaus and Bonn, Mischa and Turchinovich, Dmitry},
    title = {Thermodynamic picture of ultrafast charge transport in graphene},
    journal = {Nature Communications},
    year = {2015},
    month = {Jul},
    day = {16},
    volume = {6},
    number = {1},
    pages = {7655},
    issn = {2041-1723},
    doi = {10.1038/ncomms8655},
    url = {https://doi.org/10.1038/ncomms8655},
}

@article{Warrick2016,
    author = {Warrick, Erika R. and Cao, Wei and Neumark, Daniel M. and Leone,
              Stephen R.},
    title = {Probing the Dynamics of Rydberg and Valence States of Molecular
             Nitrogen with Attosecond Transient Absorption Spectroscopy},
    journal = {The Journal of Physical Chemistry A},
    year = {2016},
    month = {May},
    day = {19},
    publisher = {American Chemical Society},
    volume = {120},
    number = {19},
    pages = {3165-3174},
    issn = {1089-5639},
    doi = {10.1021/acs.jpca.5b11570},
    url = {https://doi.org/10.1021/acs.jpca.5b11570},
}


@article{Mashiko2016,
    author = {Mashiko, Hiroki and Oguri, Katsuya and Yamaguchi, Tomohiko and
              Suda, Akira and Gotoh, Hideki},
    title = {Petahertz optical drive with wide-bandgap semiconductor},
    journal = {Nature Physics},
    year = {2016},
    month = {Aug},
    day = {01},
    volume = {12},
    number = {8},
    pages = {741-745},
    issn = {1745-2481},
    doi = {10.1038/nphys3711},
    url = {https://doi.org/10.1038/nphys3711},
}



@article{Reduzzi2016,
    doi = {10.1088/0953-4075/49/6/065102},
    url = {https://doi.org/10.1088/0953-4075/49/6/065102},
    year = {2016},
    month = feb,
    publisher = {{IOP} Publishing},
    volume = {49},
    number = {6},
    pages = {065102},
    author = {M Reduzzi and W-C Chu and C Feng and A Dubrouil and J Hummert and
              F Calegari and F Frassetto and L Poletto and O Kornilov and M
              Nisoli and C-D Lin and G Sansone},
    title = {Observation of autoionization dynamics and sub-cycle quantum
             beating in electronic molecular wave packets},
    journal = {Journal of Physics B: Atomic, Molecular and Optical Physics},
}

@article{margulis2016electric,
    title = {Electric-field-induced optical second-harmonic generation in doped
             graphene},
    author = {Margulis, Vl A and Muryumin, EE and Gaiduk, EA},
    journal = {Solid State Communications},
    volume = {246},
    pages = {76--81},
    year = {2016},
    publisher = {Elsevier},
}


@article{tancogne2017ellipticity,
    title = {Ellipticity dependence of high-harmonic generation in solids
             originating from coupled intraband and interband dynamics},
    author = {Tancogne-Dejean, Nicolas and M{\"u}cke, Oliver D and K{\"a}rtner,
              Franz X and Rubio, Angel},
    journal = {Nature communications},
    volume = {8},
    number = {1},
    pages = {745},
    year = {2017},
    publisher = {Nature Publishing Group UK London},
}

@article{liu2017high,
    title = {High-harmonic generation from an atomically thin semiconductor},
    author = {Liu, Hanzhe and Li, Yilei and You, Yong Sing and Ghimire, Shambhu
              and Heinz, Tony F and Reis, David A},
    journal = {Nature Physics},
    volume = {13},
    number = {3},
    pages = {262--265},
    year = {2017},
    publisher = {Nature Publishing Group},
}

@article{langer2017symmetry,
    title = {Symmetry-controlled temporal structure of high-harmonic carrier
             fields from a bulk crystal},
    author = {Langer, Fabian and Hohenleutner, Matthias and Huttner, U and Koch,
              Stephan W and Kira, M and Huber, Rupert},
    journal = {Nature photonics},
    volume = {11},
    number = {4},
    pages = {227--231},
    year = {2017},
    publisher = {Nature Publishing Group},
}

@article{doi:10.1126/science.aam8861,
    author = {Naotaka Yoshikawa and Tomohiro Tamaya and Koichiro Tanaka },
    title = {High-harmonic generation in graphene enhanced by elliptically
             polarized light excitation},
    journal = {Science},
    volume = {356},
    number = {6339},
    pages = {736-738},
    year = {2017},
    doi = {10.1126/science.aam8861},
    URL = {https://www.science.org/doi/abs/10.1126/science.aam8861},
}


@article{baudisch2018ultrafast,
    title = {Ultrafast nonlinear optical response of Dirac fermions in graphene},
    author = {Baudisch, Matthias and Marini, Andrea and Cox, Joel D and Zhu,
              Tony and Silva, Francisco and Teichmann, Stephan and Massicotte,
              Mathieu and Koppens, Frank and Levitov, Leonid S and Garc{\'\i}a de
              Abajo, F Javier and others},
    journal = {Nature Communications},
    volume = {9},
    number = {1},
    pages = {1018},
    year = {2018},
    publisher = {Nature Publishing Group UK London},
}

@article{kaneshima2018polarization,
    title = {Polarization-resolved study of high harmonics from bulk
             semiconductors},
    author = {Kaneshima, Keisuke and Shinohara, Yasushi and Takeuchi, Kengo and
              Ishii, Nobuhisa and Imasaka, Kotaro and Kaji, Tomohiro and Ashihara
              , Satoshi and Ishikawa, Kenichi L and Itatani, Jiro},
    journal = {Physical review letters},
    volume = {120},
    number = {24},
    pages = {243903},
    year = {2018},
    publisher = {APS},
}

@article{Hafez2018,
    author = {Hafez, Hassan A. and Kovalev, Sergey and Deinert, Jan-Christoph
              and Mics, Zolt{\'a}n and Green, Bertram and Awari, Nilesh and Chen,
              Min and Germanskiy, Semyon and Lehnert, Ulf and Teichert, Jochen
              and Wang, Zhe and Tielrooij, Klaas-Jan and Liu, Zhaoyang and Chen,
              Zongping and Narita, Akimitsu and M{\"u}llen, Klaus and Bonn,
              Mischa and Gensch, Michael and Turchinovich, Dmitry},
    title = {Extremely efficient terahertz high-harmonic generation in graphene
             by hot Dirac fermions},
    journal = {Nature},
    year = {2018},
    month = {Sep},
    day = {01},
    volume = {561},
    number = {7724},
    pages = {507-511},
    issn = {1476-4687},
    doi = {10.1038/s41586-018-0508-1},
    url = {https://doi.org/10.1038/s41586-018-0508-1},
}



@article{shirai2018high,
    title = {High-harmonic generation in solids driven by subcycle midinfrared
             pulses from two-color filamentation},
    author = {Shirai, Hideto and Kumaki, Fumitoshi and Nomura, Yutaka and Fuji,
              Takao},
    journal = {Optics Letters},
    volume = {43},
    number = {9},
    pages = {2094--2097},
    year = {2018},
    publisher = {Optica Publishing Group},
}

@article{tokman2019second,
    title = {Second harmonic generation in graphene dressed by a strong
             terahertz field},
    author = {Tokman, Mikhail and Bodrov, Sergey B and Sergeev, Yuri A and
              Korytin, Alexey I and Oladyshkin, Ivan and Wang, Yongrui and
              Belyanin, Alexey and Stepanov, Andrey N},
    journal = {Physical Review B},
    volume = {99},
    number = {15},
    pages = {155411},
    year = {2019},
    publisher = {APS},
}

@article{Siegrist2019,
    author = {Siegrist, Florian and Gessner, Julia A. and Ossiander, Marcus and
              Denker, Christian and Chang, Yi-Ping and Schr{\"o}der, Malte C. and
              Guggenmos, Alexander and Cui, Yang and Walowski, Jakob and Martens,
              Ulrike and Dewhurst, J. K. and Kleineberg, Ulf and M{\"u}nzenberg,
              Markus and Sharma, Sangeeta and Schultze, Martin},
    title = {Light-wave dynamic control of magnetism},
    journal = {Nature},
    year = {2019},
    month = {Jul},
    day = {01},
    volume = {571},
    number = {7764},
    pages = {240-244},
    issn = {1476-4687},
    doi = {10.1038/s41586-019-1333-x},
    url = {https://doi.org/10.1038/s41586-019-1333-x},
}

@article{Ghimire2019,
    author = {Ghimire, Shambhu and Reis, David A.},
    title = {High-harmonic generation from solids},
    journal = {Nature Physics},
    year = {2019},
    month = {Jan},
    day = {01},
    volume = {15},
    number = {1},
    pages = {10-16},
    issn = {1745-2481},
    doi = {10.1038/s41567-018-0315-5},
    url = {https://doi.org/10.1038/s41567-018-0315-5},
}


@article{Silva2019,
    author = {Silva, R. E. F. and Jim{\'e}nez-Gal{\'a}n, {\'A} and Amorim, B.
              and Smirnova, O. and Ivanov, M.},
    title = {Topological strong-field physics on sub-laser-cycle timescale},
    journal = {Nature Photonics},
    year = {2019},
    month = {Dec},
    day = {01},
    volume = {13},
    number = {12},
    pages = {849-854},
    issn = {1749-4893},
    doi = {10.1038/s41566-019-0516-1},
    url = {https://doi.org/10.1038/s41566-019-0516-1},
}




@article{PhysRevB.99.214302,
    title = {Microscopic theory for the light-induced anomalous Hall effect in
             graphene},
    author = {Sato, S. A. and McIver, J. W. and Nuske, M. and Tang, P. and Jotzu
              , G. and Schulte, B. and H\"ubener, H. and De Giovannini, U. and
              Mathey, L. and Sentef, M. A. and Cavalleri, A. and Rubio, A.},
    journal = {Phys. Rev. B},
    volume = {99},
    issue = {21},
    pages = {214302},
    numpages = {11},
    year = {2019},
    month = {Jun},
    publisher = {American Physical Society},
    doi = {10.1103/PhysRevB.99.214302},
    url = {https://link.aps.org/doi/10.1103/PhysRevB.99.214302},
}



@article{wang2019quantum,
    title = {Quantum interference control of photocurrents in semiconductors by
             nonlinear optical absorption processes},
    author = {Wang, Kai and Muniz, Rodrigo A and Sipe, JE and Cundiff, ST},
    journal = {Physical Review Letters},
    volume = {123},
    number = {6},
    pages = {067402},
    year = {2019},
    publisher = {APS},
}

@article{PhysRevB.100.035434,
    title = {Wave mixing and high harmonic generation at two-color multiphoton
             excitation in two-dimensional hexagonal nanostructures},
    author = {Avetissian, H. K. and Avetissian, A. K. and Avchyan, B. R. and
              Mkrtchian, G. F.},
    journal = {Phys. Rev. B},
    volume = {100},
    issue = {3},
    pages = {035434},
    numpages = {8},
    year = {2019},
    month = {Jul},
    publisher = {American Physical Society},
    doi = {10.1103/PhysRevB.100.035434},
    url = {https://link.aps.org/doi/10.1103/PhysRevB.100.035434},
}


@article{navarrete2020two,
    title = {Two-color-driven enhanced high-order harmonic generation in solids},
    author = {Navarrete, Francisco and Thumm, Uwe},
    journal = {Physical Review A},
    volume = {102},
    number = {6},
    pages = {063123},
    year = {2020},
    publisher = {APS},
}

@article{sato2021nonlinear,
    doi = {10.1088/1367-2630/ac03d0},
    url = {https://doi.org/10.1088/1367-2630/ac03d0},
    year = 2021,
    month = {jun},
    publisher = {{IOP} Publishing},
    volume = {23},
    number = {6},
    pages = {063047},
    author = {Shunsuke A Sato and Angel Rubio},
    title = {Nonlinear electric conductivity and {THz}-induced charge transport
             in graphene},
    journal = {New Journal of Physics},
}



@article{pei2021second,
    title = {Second-order nonlinear optical response of graphene irradiated by
             two-color lights: ellipticity and phase modulation},
    author = {Pei, Sen and Duan, Suqing and Yang, Ning and Zhang, Wei},
    journal = {JOSA B},
    volume = {38},
    number = {9},
    pages = {2594--2602},
    year = {2021},
    publisher = {Optica Publishing Group},
}

@article{takasan2021current,
    title = {Current-induced second harmonic generation in inversion-symmetric
             Dirac and Weyl semimetals},
    author = {Takasan, Kazuaki and Morimoto, Takahiro and Orenstein, Joseph and
              Moore, Joel E},
    journal = {Physical Review B},
    volume = {104},
    number = {16},
    pages = {L161202},
    year = {2021},
    publisher = {APS},
}


@article{gao2021second,
    title = {Second harmonic generation in Dirac/Weyl semimetals with broken
             tilt inversion symmetry},
    author = {Gao, Yang and Ge, Bin},
    journal = {Optics Express},
    volume = {29},
    number = {5},
    pages = {6903--6914},
    year = {2021},
    publisher = {Optica Publishing Group},
}

@article{zhang2021orientation,
    title = {Orientation dependence of high-order harmonic generation in
             graphene},
    author = {Zhang, Yuntian and Li, Liang and Li, Jiapeng and Huang, Tengfei
              and Lan, Pengfei and Lu, Peixiang},
    journal = {Physical Review A},
    volume = {104},
    number = {3},
    pages = {033110},
    year = {2021},
    publisher = {APS},
}

@article{Mrudul:21,
    author = {M. S. Mrudul and \'{A}lvaro Jim\'{e}nez-Gal\'{a}n and Misha Ivanov
              and Gopal Dixit},
    journal = {Optica},
    keywords = {Circular polarization; Electric fields; High harmonic
                generation; Light fields; Photon counting; Quantum information},
    number = {3},
    pages = {422--427},
    publisher = {Optica Publishing Group},
    title = {Light-induced valleytronics in pristine graphene},
    volume = {8},
    month = {Mar},
    year = {2021},
    url = {https://opg.optica.org/optica/abstract.cfm?URI=optica-8-3-422},
    doi = {10.1364/OPTICA.418152},
}

@article{doi:10.1126/sciadv.abf9809,
    author = {Sergey Kovalev and Hassan A. Hafez and Klaas-Jan Tielrooij and
              Jan-Christoph Deinert and Igor Ilyakov and Nilesh Awari and David
              Alcaraz and Karuppasamy Soundarapandian and David Saleta and Semyon
              Germanskiy and Min Chen and Mohammed Bawatna and Bertram Green and
              Frank H. L. Koppens and Martin Mittendorff and Mischa Bonn and
              Michael Gensch and Dmitry Turchinovich },
    title = {Electrical tunability of terahertz nonlinearity in graphene},
    journal = {Science Advances},
    volume = {7},
    number = {15},
    pages = {eabf9809},
    year = {2021},
    doi = {10.1126/sciadv.abf9809},
    URL = {https://www.science.org/doi/abs/10.1126/sciadv.abf9809},
}

@article{PhysRevB.103.L041408,
    title = {High-order harmonic generation in graphene: Nonlinear coupling of
             intraband and interband transitions},
    author = {Sato, Shunsuke A. and Hirori, Hideki and Sanari, Yasuyuki and
              Kanemitsu, Yoshihiko and Rubio, Angel},
    journal = {Phys. Rev. B},
    volume = {103},
    issue = {4},
    pages = {L041408},
    numpages = {6},
    year = {2021},
    month = {Jan},
    publisher = {American Physical Society},
    doi = {10.1103/PhysRevB.103.L041408},
    url = {https://link.aps.org/doi/10.1103/PhysRevB.103.L041408},
}



@article{cha2022gate,
    title = {Gate-tunable quantum pathways of high harmonic generation in
             graphene},
    author = {Cha, Soonyoung and Kim, Minjeong and Kim, Youngjae and Choi,
              Shinyoung and Kang, Sejong and Kim, Hoon and Yoon, Sangho and Moon,
              Gunho and Kim, Taeho and Lee, Ye Won and others},
    journal = {Nature Communications},
    volume = {13},
    number = {1},
    pages = {6630},
    year = {2022},
    publisher = {Nature Publishing Group UK London},
}

@article{PhysRevResearch.3.043222,
    title = {Attosecond electronic dynamics of core-excited states of ${\mathrm{
             N}}_{2}\mathrm{O}$ in the soft x-ray region},
    author = {Saito, Nariyuki and Douguet, Nicolas and Sannohe, Hiroki and Ishii
              , Nobuhisa and Kanai, Teruto and Wu, Yi and Chew, Andrew and Han,
              Seunghwoi and Schneider, Barry I. and Olsen, Jeppe and Argenti,
              Luca and Chang, Zenghu and Itatani, Jiro},
    journal = {Phys. Rev. Res.},
    volume = {3},
    issue = {4},
    pages = {043222},
    numpages = {8},
    year = {2021},
    month = {Dec},
    publisher = {American Physical Society},
    doi = {10.1103/PhysRevResearch.3.043222},
    url = {https://link.aps.org/doi/10.1103/PhysRevResearch.3.043222},
}


@article{PhysRevB.106.024313,
    title = {Terahertz-induced high-order harmonic generation and nonlinear
             charge transport in graphene},
    author = {Mao, Wenwen and Rubio, Angel and Sato, Shunsuke A.},
    journal = {Phys. Rev. B},
    volume = {106},
    issue = {2},
    pages = {024313},
    numpages = {8},
    year = {2022},
    month = {Jul},
    publisher = {American Physical Society},
    doi = {10.1103/PhysRevB.106.024313},
    url = {https://link.aps.org/doi/10.1103/PhysRevB.106.024313},
}

@article{Nakagawa2022,
    author = {Nakagawa, Kotaro and Hirori, Hideki and Sato, Shunsuke A. and
              Tahara, Hirokazu and Sekiguchi, Fumiya and Yumoto, Go and Saruyama,
              Masaki and Sato, Ryota and Teranishi, Toshiharu and Kanemitsu,
              Yoshihiko},
    title = {Size-controlled quantum dots reveal the impact of intraband
             transitions on high-order harmonic generation in solids},
    journal = {Nature Physics},
    year = {2022},
    month = {Aug},
    day = {01},
    volume = {18},
    number = {8},
    pages = {874-878},
    issn = {1745-2481},
    doi = {10.1038/s41567-022-01639-3},
    url = {https://doi.org/10.1038/s41567-022-01639-3},
}



@article{PhysRevB.105.195405,
    title = {Efficient high-harmonic generation in graphene with two-color laser
             field at orthogonal polarization},
    author = {Avetissian, Hamlet K. and Mkrtchian, Garnik F. and Knorr, Andreas},
    journal = {Phys. Rev. B},
    volume = {105},
    issue = {19},
    pages = {195405},
    numpages = {11},
    year = {2022},
    month = {May},
    publisher = {American Physical Society},
    doi = {10.1103/PhysRevB.105.195405},
    url = {https://link.aps.org/doi/10.1103/PhysRevB.105.195405},
}


@misc{gorlach2022high,
    title = {High harmonic generation driven by quantum light},
    author = {Alexey Gorlach and Matan Even Tzur and Michael Birk and Michael
              Krüger and Nicholas Rivera and Oren Cohen and Ido Kaminer},
    year = {2022},
    eprint = {2211.03188},
    archivePrefix = {arXiv},
    primaryClass = {physics.optics},
}

@misc{neufeld2023universal,
    title = {Are there universal signatures of topological phases in high
             harmonic generation? Probably not},
    author = {Ofer Neufeld and Nicolas Tancogne-Dejean and Hannes Hübener and
              Umberto De Giovannini and Angel Rubio},
    year = {2023},
    eprint = {2303.17300},
    archivePrefix = {arXiv},
    primaryClass = {cond-mat.mtrl-sci},
}

@article{baltuvska2003attosecond,
    title = {Attosecond control of electronic processes by intense light fields},
    author = {Baltu{\v{s}}ka, Andrius and Udem, Th and Uiberacker, M and
              Hentschel, M and Goulielmakis, Eleftherios and Gohle, Ch and
              Holzwarth, Ronald and Yakovlev, Vladislav S and Scrinzi, A and H{\"
              a}nsch, Th W and others},
    journal = {Nature},
    volume = {421},
    number = {6923},
    pages = {611--615},
    year = {2003},
    publisher = {Nature Publishing Group UK London},
}

@article{gaumnitz2017streaking,
    title = {Streaking of 43-attosecond soft-X-ray pulses generated by a
             passively CEP-stable mid-infrared driver},
    author = {Gaumnitz, Thomas and Jain, Arohi and Pertot, Yoann and Huppert,
              Martin and Jordan, Inga and Ardana-Lamas, Fernando and W{\"o}rner,
              Hans Jakob},
    journal = {Optics express},
    volume = {25},
    number = {22},
    pages = {27506--27518},
    year = {2017},
    publisher = {Optica Publishing Group},
}

@article{doi:10.1126/science.1260311,
    author = {Martin Schultze and Krupa Ramasesha and C.D. Pemmaraju and S.A.
              Sato and D. Whitmore and A. Gandman and James S. Prell and L. J.
              Borja and D. Prendergast and K. Yabana and Daniel M. Neumark and
              Stephen R. Leone },
    title = {Attosecond band-gap dynamics in silicon},
    journal = {Science},
    volume = {346},
    number = {6215},
    pages = {1348-1352},
    year = {2014},
    doi = {10.1126/science.1260311},
    URL = {https://www.science.org/doi/abs/10.1126/science.1260311},
}

@article{vampa2017merge,
    title = {Merge of high harmonic generation from gases and solids and its
             implications for attosecond science},
    author = {Vampa, G and Brabec, T},
    journal = {Journal of Physics B: Atomic, Molecular and Optical Physics},
    volume = {50},
    number = {8},
    pages = {083001},
    year = {2017},
    publisher = {IOP Publishing},
}

@article{PhysRevB.14.2239,
    title = {Energy levels and wave functions of Bloch electrons in rational and
             irrational magnetic fields},
    author = {Hofstadter, Douglas R.},
    journal = {Phys. Rev. B},
    volume = {14},
    issue = {6},
    pages = {2239--2249},
    numpages = {0},
    year = {1976},
    month = {Sep},
    publisher = {American Physical Society},
    doi = {10.1103/PhysRevB.14.2239},
    url = {https://link.aps.org/doi/10.1103/PhysRevB.14.2239},
}


@article{PhysRevLett.74.3596,
    title = {Phase-Controlled Currents in Semiconductors},
    author = {Dupont, E. and Corkum, P. B. and Liu, H. C. and Buchanan, M. and
              Wasilewski, Z. R.},
    journal = {Phys. Rev. Lett.},
    volume = {74},
    issue = {18},
    pages = {3596--3599},
    numpages = {0},
    year = {1995},
    month = {May},
    publisher = {American Physical Society},
    doi = {10.1103/PhysRevLett.74.3596},
    url = {https://link.aps.org/doi/10.1103/PhysRevLett.74.3596},
}

@article{PhysRevB.51.6868,
    title = {Quasiparticle band structure of bulk hexagonal boron nitride and
             related systems},
    author = {Blase, X. and Rubio, Angel and Louie, Steven G. and Cohen, Marvin
              L.},
    journal = {Phys. Rev. B},
    volume = {51},
    issue = {11},
    pages = {6868--6875},
    numpages = {0},
    year = {1995},
    month = {Mar},
    publisher = {American Physical Society},
    doi = {10.1103/PhysRevB.51.6868},
    url = {https://link.aps.org/doi/10.1103/PhysRevB.51.6868},
}


@article{PhysRevLett.76.1703,
    title = {Coherent Control of Photocurrent Generation in Bulk Semiconductors},
    author = {Atanasov, R. and Hach\'e, A. and Hughes, J. L. P. and van Driel,
              H. M. and Sipe, J. E.},
    journal = {Phys. Rev. Lett.},
    volume = {76},
    issue = {10},
    pages = {1703--1706},
    numpages = {0},
    year = {1996},
    month = {Mar},
    publisher = {American Physical Society},
    doi = {10.1103/PhysRevLett.76.1703},
    url = {https://link.aps.org/doi/10.1103/PhysRevLett.76.1703},
}

@article{PhysRevLett.78.306,
    title = {Observation of Coherently Controlled Photocurrent in Unbiased, Bulk
             GaAs},
    author = {Hach\'e, A. and Kostoulas, Y. and Atanasov, R. and Hughes, J. L.
              P. and Sipe, J. E. and van Driel, H. M.},
    journal = {Phys. Rev. Lett.},
    volume = {78},
    issue = {2},
    pages = {306--309},
    numpages = {0},
    year = {1997},
    month = {Jan},
    publisher = {American Physical Society},
    doi = {10.1103/PhysRevLett.78.306},
    url = {https://link.aps.org/doi/10.1103/PhysRevLett.78.306},
}


@article{10.1063/1.125084,
    author = {Laman, N. and Shkrebtii, A. I. and Sipe, J. E. and van Driel, H.
              M.},
    title = "{Quantum interference control of currents in CdSe with a single
             optical beam}",
    journal = {Applied Physics Letters},
    volume = {75},
    number = {17},
    pages = {2581-2583},
    year = {1999},
    month = {10},
    issn = {0003-6951},
    doi = {10.1063/1.125084},
    url = {https://doi.org/10.1063/1.125084},
}




@article{PhysRevB.61.5337,
    title = {Second-order optical response in semiconductors},
    author = {Sipe, J. E. and Shkrebtii, A. I.},
    journal = {Phys. Rev. B},
    volume = {61},
    issue = {8},
    pages = {5337--5352},
    numpages = {0},
    year = {2000},
    month = {Feb},
    publisher = {American Physical Society},
    doi = {10.1103/PhysRevB.61.5337},
    url = {https://link.aps.org/doi/10.1103/PhysRevB.61.5337},
}

@article{10.1063/1.2131191,
    author = {Laman, N. and Bieler, M. and van Driel, H. M.},
    title = "{Ultrafast shift and injection currents observed in wurtzite
             semiconductors via emitted terahertz radiation}",
    journal = {Journal of Applied Physics},
    volume = {98},
    number = {10},
    pages = {103507},
    year = {2005},
    month = {11},
    issn = {0021-8979},
    doi = {10.1063/1.2131191},
    url = {https://doi.org/10.1063/1.2131191},
}




@article{PhysRevLett.107.126805,
    title = {Efficient Photovoltaic Current Generation at Ferroelectric Domain
             Walls},
    author = {Seidel, Jan and Fu, Deyi and Yang, Seung-Yeul and Alarc\'on-Llad\'
              o, Esther and Wu, Junqiao and Ramesh, Ramamoorthy and Ager, Joel W.
              },
    journal = {Phys. Rev. Lett.},
    volume = {107},
    issue = {12},
    pages = {126805},
    numpages = {4},
    year = {2011},
    month = {Sep},
    publisher = {American Physical Society},
    doi = {10.1103/PhysRevLett.107.126805},
    url = {https://link.aps.org/doi/10.1103/PhysRevLett.107.126805},
}

@article{doi:10.1126/science.1168636,
    author = {T. Choi and S. Lee and Y. J. Choi and V. Kiryukhin and S.-W.
              Cheong },
    title = {Switchable Ferroelectric Diode and Photovoltaic Effect in
             BiFeO<sub>3</sub>},
    journal = {Science},
    volume = {324},
    number = {5923},
    pages = {63-66},
    year = {2009},
    doi = {10.1126/science.1168636},
    URL = {https://www.science.org/doi/abs/10.1126/science.1168636},
}

@article{Sun2010,
    author = {Sun, Dong and Divin, Charles and Rioux, Julien and Sipe, John E.
              and Berger, Claire and de Heer, Walt A. and First, Phillip N. and
              Norris, Theodore B.},
    title = {Coherent Control of Ballistic Photocurrents in Multilayer Epitaxial
             Graphene Using Quantum Interference},
    journal = {Nano Letters},
    year = {2010},
    month = {Apr},
    day = {14},
    publisher = {American Chemical Society},
    volume = {10},
    number = {4},
    pages = {1293-1296},
    issn = {1530-6984},
    doi = {10.1021/nl9040737},
    url = {https://doi.org/10.1021/nl9040737},
}

@article{PhysRevB.81.155433,
    title = {Energy gap tuning in graphene on hexagonal boron nitride bilayer
             system},
    author = {S\l{}awi\ifmmode \acute{n}\else \'{n}\fi{}ska, J. and Zasada, I.
              and Klusek, Z.},
    journal = {Phys. Rev. B},
    volume = {81},
    issue = {15},
    pages = {155433},
    numpages = {9},
    year = {2010},
    month = {Apr},
    publisher = {American Physical Society},
    doi = {10.1103/PhysRevB.81.155433},
    url = {https://link.aps.org/doi/10.1103/PhysRevB.81.155433},
}


@article{Yang2010,
    author = {Yang, S. Y. and Seidel, J. and Byrnes, S. J. and Shafer, P. and
              Yang, C.-H. and Rossell, M. D. and Yu, P. and Chu, Y.-H. and Scott,
              J. F. and Ager, J. W. and Martin, L. W. and Ramesh, R.},
    title = {Above-bandgap voltages from ferroelectric photovoltaic devices},
    journal = {Nature Nanotechnology},
    year = {2010},
    month = {Feb},
    day = {01},
    volume = {5},
    number = {2},
    pages = {143-147},
    issn = {1748-3395},
    doi = {10.1038/nnano.2009.451},
    url = {https://doi.org/10.1038/nnano.2009.451},
}

@article{Schiffrin2013,
    author = {Schiffrin, Agustin and Paasch-Colberg, Tim and Karpowicz, Nicholas
              and Apalkov, Vadym and Gerster, Daniel and M{\"u}hlbrandt, Sascha
              and Korbman, Michael and Reichert, Joachim and Schultze, Martin and
              Holzner, Simon and Barth, Johannes V. and Kienberger, Reinhard and
              Ernstorfer, Ralph and Yakovlev, Vladislav S. and Stockman, Mark I.
              and Krausz, Ferenc},
    title = {Optical-field-induced current in dielectrics},
    journal = {Nature},
    year = {2013},
    month = {Jan},
    day = {01},
    volume = {493},
    number = {7430},
    pages = {70-74},
    issn = {1476-4687},
    doi = {10.1038/nature11567},
    url = {https://doi.org/10.1038/nature11567},
}

@article{PhysRevLett.113.087401,
    title = {Ab Initio Simulation of Electrical Currents Induced by Ultrafast
             Laser Excitation of Dielectric Materials},
    author = {Wachter, Georg and Lemell, Christoph and Burgd\"orfer, Joachim and
              Sato, Shunsuke A. and Tong, Xiao-Min and Yabana, Kazuhiro},
    journal = {Phys. Rev. Lett.},
    volume = {113},
    issue = {8},
    pages = {087401},
    numpages = {5},
    year = {2014},
    month = {Aug},
    publisher = {American Physical Society},
    doi = {10.1103/PhysRevLett.113.087401},
    url = {https://link.aps.org/doi/10.1103/PhysRevLett.113.087401},
}

@article{PhysRevLett.116.057401,
    title = {Rectifying the Optical-Field-Induced Current in Dielectrics:
             Petahertz Diode},
    author = {Lee, J. D. and Yun, Won Seok and Park, Noejung},
    journal = {Phys. Rev. Lett.},
    volume = {116},
    issue = {5},
    pages = {057401},
    numpages = {5},
    year = {2016},
    month = {Feb},
    publisher = {American Physical Society},
    doi = {10.1103/PhysRevLett.116.057401},
    url = {https://link.aps.org/doi/10.1103/PhysRevLett.116.057401},
}

@article{Higuchi2017,
    author = {Higuchi, Takuya and Heide, Christian and Ullmann, Konrad and Weber
              , Heiko B. and Hommelhoff, Peter},
    title = {Light-field-driven currents in graphene},
    journal = {Nature},
    year = {2017},
    month = {Oct},
    day = {01},
    volume = {550},
    number = {7675},
    pages = {224-228},
    abstract = {Light-field-driven control of electrons in a conductor is
                demonstrated by inducing a current by laser pulses in graphene
                that is sensitive to the carrier-envelope phase.},
    issn = {1476-4687},
    doi = {10.1038/nature23900},
    url = {https://doi.org/10.1038/nature23900},
}

@article{PhysRevB.98.035202,
    title = {Role of intraband transitions in photocarrier generation},
    author = {Sato, Shunsuke A. and Lucchini, Matteo and Volkov, Mikhail and
              Schlaepfer, Fabian and Gallmann, Lukas and Keller, Ursula and Rubio
              , Angel},
    journal = {Phys. Rev. B},
    volume = {98},
    issue = {3},
    pages = {035202},
    numpages = {10},
    year = {2018},
    month = {Jul},
    publisher = {American Physical Society},
    doi = {10.1103/PhysRevB.98.035202},
    url = {https://link.aps.org/doi/10.1103/PhysRevB.98.035202},
}


@article{PhysRevB.100.075202,
    title = {Quantum interference control of carriers and currents in zinc
             blende semiconductors based on nonlinear absorption processes},
    author = {Muniz, Rodrigo A. and Salazar, Cuauht\'emoc and Wang, Kai and
              Cundiff, S. T. and Sipe, J. E.},
    journal = {Phys. Rev. B},
    volume = {100},
    issue = {7},
    pages = {075202},
    numpages = {11},
    year = {2019},
    month = {Aug},
    publisher = {American Physical Society},
    doi = {10.1103/PhysRevB.100.075202},
    url = {https://link.aps.org/doi/10.1103/PhysRevB.100.075202},
}

@article{PhysRevLett.123.067402,
    title = {Quantum Interference Control of Photocurrents in Semiconductors by
             Nonlinear Optical Absorption Processes},
    author = {Wang, Kai and Muniz, Rodrigo A. and Sipe, J. E. and Cundiff, S. T.
              },
    journal = {Phys. Rev. Lett.},
    volume = {123},
    issue = {6},
    pages = {067402},
    numpages = {5},
    year = {2019},
    month = {Aug},
    publisher = {American Physical Society},
    doi = {10.1103/PhysRevLett.123.067402},
    url = {https://link.aps.org/doi/10.1103/PhysRevLett.123.067402},
}


@article{Jimenez-Galan2020,
    author = {Jim{\'e}nez-Gal{\'a}n, {\'A} and Silva, R. E. F. and Smirnova, O.
              and Ivanov, M.},
    title = {Lightwave control of topological properties in 2D materials for
             sub-cycle and non-resonant valley manipulation},
    journal = {Nature Photonics},
    year = {2020},
    month = {Dec},
    day = {01},
    volume = {14},
    number = {12},
    pages = {728-732},
    issn = {1749-4893},
    doi = {10.1038/s41566-020-00717-3},
    url = {https://doi.org/10.1038/s41566-020-00717-3},
}

@article{Heide_2020,
    doi = {10.1088/2515-7647/ab7d82},
    url = {https://dx.doi.org/10.1088/2515-7647/ab7d82},
    year = {2020},
    month = {apr},
    publisher = {IOP Publishing},
    volume = {2},
    number = {2},
    pages = {024004},
    author = {Christian Heide and Tobias Boolakee and Takuya Higuchi and Peter
              Hommelhoff},
    title = {Sub-cycle temporal evolution of light-induced electron dynamics in
             hexagonal 2D materials},
    journal = {Journal of Physics: Photonics},
}

@article{HeideBoolakeeEcksteinHommelhoff+2021+3701+3707,
    url = {https://doi.org/10.1515/nanoph-2021-0236},
    title = {Optical current generation in graphene: CEP control vs. ω + 2ω
             control},
    title = {},
    author = {Christian Heide and Tobias Boolakee and Timo Eckstein and Peter
              Hommelhoff},
    pages = {3701--3707},
    volume = {10},
    number = {14},
    journal = {Nanophotonics},
    doi = {doi:10.1515/nanoph-2021-0236},
    year = {2021},
    lastchecked = {2023-12-01},
}

@article{Mrudul:21,
    author = {M. S. Mrudul and \'{A}lvaro Jim\'{e}nez-Gal\'{a}n and Misha Ivanov
              and Gopal Dixit},
    journal = {Optica},
    keywords = {Graphene; High harmonic generation; Information processing;
                Photon counting; Quantum information; Second harmonic generation},
    number = {3},
    pages = {422--427},
    publisher = {Optica Publishing Group},
    title = {Light-induced valleytronics in pristine graphene},
    volume = {8},
    month = {Mar},
    year = {2021},
    url = {https://opg.optica.org/optica/abstract.cfm?URI=optica-8-3-422},
    doi = {10.1364/OPTICA.418152},
}

@article{PhysRevLett.127.126601,
    title = {Light-Driven Extremely Nonlinear Bulk Photogalvanic Currents},
    author = {Neufeld, Ofer and Tancogne-Dejean, Nicolas and De Giovannini,
              Umberto and H\"ubener, Hannes and Rubio, Angel},
    journal = {Phys. Rev. Lett.},
    volume = {127},
    issue = {12},
    pages = {126601},
    numpages = {7},
    year = {2021},
    month = {Sep},
    publisher = {American Physical Society},
    doi = {10.1103/PhysRevLett.127.126601},
    url = {https://link.aps.org/doi/10.1103/PhysRevLett.127.126601},
}


@article{Morimoto_2022,
    doi = {10.1088/1367-2630/ac5c18},
    url = {https://dx.doi.org/10.1088/1367-2630/ac5c18},
    year = {2022},
    month = {mar},
    publisher = {IOP Publishing},
    volume = {24},
    number = {3},
    pages = {033051},
    author = {Yuya Morimoto and Yasushi Shinohara and Kenichi L Ishikawa and
              Peter Hommelhoff},
    title = {Atomic real-space perspective of light-field-driven currents in
             graphene},
    journal = {New Journal of Physics},
}

@article{10.1063/5.0101513,
    author = {Dai, Zhenbang and Rappe, Andrew M.},
    title = "{Recent progress in the theory of bulk photovoltaic effect}",
    journal = {Chemical Physics Reviews},
    volume = {4},
    number = {1},
    pages = {011303},
    year = {2023},
    month = {01},
    issn = {2688-4070},
    doi = {10.1063/5.0101513},
    url = {https://doi.org/10.1063/5.0101513},
}

@misc{tyulnev2023valleytronics,
    title = {Valleytronics in bulk MoS$_2$ by optical control of parity and time
             symmetries},
    author = {Igor Tyulnev and Álvaro Jiménez-Galán and Julita Poborska and
              Lenard Vamos and Rui F. Silva and Philip St. J. Russell and
              Francesco Tani and Olga Smirnova and Misha Ivanov and Jens Biegert},
    year = {2023},
    eprint = {2302.12564},
    archivePrefix = {arXiv},
    primaryClass = {cond-mat.mtrl-sci},
}

@misc{galler2023mapping,
    title = {Mapping light-dressed Floquet bands by highly nonlinear optical
             excitations and valley polarization},
    author = {Anna Galler and Angel Rubio and Ofer Neufeld},
    year = {2023},
    eprint = {2303.15055},
    archivePrefix = {arXiv},
    primaryClass = {physics.optics},
}

@misc{sato2023limitations,
    title = {Limitations of mean-field approximations in describing
             shift-current and injection-current in materials},
    author = {Shunsuke A. Sato and Angel Rubio},
    year = {2023},
    eprint = {2310.08875},
    archivePrefix = {arXiv},
    primaryClass = {cond-mat.mtrl-sci},
}

@article{jimenez2020lightwave,
    title = {Lightwave control of topological properties in 2D materials for
             sub-cycle and non-resonant valley manipulation},
    author = {Jim{\'e}nez-Gal{\'a}n, {\'A} and Silva, REF and Smirnova, O and
              Ivanov, M},
    journal = {Nature Photonics},
    volume = {14},
    number = {12},
    pages = {728--732},
    year = {2020},
    publisher = {Nature Publishing Group},
}

@article{berry1984quantal,
    title = {Quantal phase factors accompanying adiabatic changes},
    author = {Berry, Michael Victor},
    journal = {Proceedings of the Royal Society of London. A. Mathematical and
               Physical Sciences},
    volume = {392},
    number = {1802},
    pages = {45--57},
    year = {1984},
    publisher = {The Royal Society London},
}

@article{xiao2010berry,
    title = {Berry phase effects on electronic properties},
    author = {Xiao, Di and Chang, Ming-Che and Niu, Qian},
    journal = {Reviews of modern physics},
    volume = {82},
    number = {3},
    pages = {1959},
    year = {2010},
    publisher = {APS},
}

@article{thouless1982quantized,
    title = {Quantized Hall conductance in a two-dimensional periodic potential},
    author = {Thouless, David J and Kohmoto, Mahito and Nightingale, M Peter and
              den Nijs, Marcel},
    journal = {Physical review letters},
    volume = {49},
    number = {6},
    pages = {405},
    year = {1982},
    publisher = {APS},
}

@article{laman2005ultrafast,
    title = {Ultrafast shift and injection currents observed in wurtzite
             semiconductors via emitted terahertz radiation},
    author = {Laman, N and Bieler, M and Van Driel, HM},
    journal = {Journal of applied physics},
    volume = {98},
    number = {10},
    pages = {103507},
    year = {2005},
    publisher = {American Institute of Physics},
}

@article{sipe2000second,
    title = {Second-order optical response in semiconductors},
    author = {Sipe, JE and Shkrebtii, AI},
    journal = {Physical Review B},
    volume = {61},
    number = {8},
    pages = {5337},
    year = {2000},
    publisher = {APS},
}

@article{fraser1999quantum,
    title = {Quantum interference in electron-hole generation in
             noncentrosymmetric semiconductors},
    author = {Fraser, JM and Shkrebtii, AI and Sipe, JE and Van Driel, HM},
    journal = {Physical review letters},
    volume = {83},
    number = {20},
    pages = {4192},
    year = {1999},
    publisher = {APS},
}

@article{haldane1988model,
    title = {Model for a quantum Hall effect without Landau levels:
             Condensed-matter realization of the" parity anomaly"},
    author = {Haldane, F Duncan M},
    journal = {Physical review letters},
    volume = {61},
    number = {18},
    pages = {2015},
    year = {1988},
    publisher = {APS},
}

@article{PhysRev.57.184,
    title = {Acceleration of Electrons in a Crystal Lattice},
    author = {Houston, W. V.},
    journal = {Phys. Rev.},
    volume = {57},
    issue = {3},
    pages = {184--186},
    numpages = {0},
    year = {1940},
    month = {Feb},
    publisher = {American Physical Society},
    doi = {10.1103/PhysRev.57.184},
    url = {https://link.aps.org/doi/10.1103/PhysRev.57.184},
}


@article{PhysRevB.33.5494,
    title = {Time evolution of Bloch electrons in a homogeneous electric field},
    author = {Krieger, J. B. and Iafrate, G. J.},
    journal = {Phys. Rev. B},
    volume = {33},
    issue = {8},
    pages = {5494--5500},
    numpages = {0},
    year = {1986},
    month = {Apr},
    publisher = {American Physical Society},
    doi = {10.1103/PhysRevB.33.5494},
    url = {https://link.aps.org/doi/10.1103/PhysRevB.33.5494},
}

@article{PhysRev.57.184,
    title = {Acceleration of Electrons in a Crystal Lattice},
    author = {Houston, W. V.},
    journal = {Phys. Rev.},
    volume = {57},
    issue = {3},
    pages = {184--186},
    numpages = {0},
    year = {1940},
    month = {Feb},
    publisher = {American Physical Society},
    doi = {10.1103/PhysRev.57.184},
    url = {https://link.aps.org/doi/10.1103/PhysRev.57.184},
}

@article{franken1961generation,
    title = {Generation of optical harmonics},
    author = {Franken, eg PA and Hill, Alan E and Peters, CW el and Weinreich,
              Gabriel},
    journal = {Physical review letters},
    volume = {7},
    number = {4},
    pages = {118},
    year = {1961},
    publisher = {APS},
}

@article{PhysRevB.109.045421,
    title = {Enhancement of high-order harmonic generation in graphene by
             mid-infrared and terahertz fields},
    author = {Mao, Wenwen and Rubio, Angel and Sato, Shunsuke A.},
    journal = {Phys. Rev. B},
    volume = {109},
    issue = {4},
    pages = {045421},
    numpages = {12},
    year = {2024},
    month = {Jan},
    publisher = {American Physical Society},
    doi = {10.1103/PhysRevB.109.045421},
    url = {https://link.aps.org/doi/10.1103/PhysRevB.109.045421},
}
